% Citations from initial proposal remain in the event we need to refer to them once again

@inproceedings{vord:03,
  author = {Vorderer, Peter and Hartmann, Tilo and Klimmt, Christoph},
  year = {2003},
  month = {01},
  pages = {},
  title = {Explaining the enjoyment of playing video games: The role of competition},
  journal = {Proceedings of the Second International Conference on Entertainment Computing},
  doi = {10.1145/958720.958735}
}

@electronic{ollie:19,
  title         = "Ollie",
  url           = "https://www.sphero.com/ollie",
  note          = "Accessed: March 6th, 2019"
}

@electronic{opencv:19,
  title         = "OpenCV library",
  url           = "https://opencv.org/",
  note          = "Accessed: March 6th, 2019"
}

@electronic{wiiboard:19,
  title         = {E3 2007: Wii Balance Board},
  url = {http://www.nintendolife.com/news/2007/07/e3_2007_wii_balance_board},
  note          = {Accessed: April 29th, 2019}
}

@electrionic{homebrew,
title = {Wii Balance Board},
url = "https://wiibrew.org/wiki/Wii_Balance_Board",
note = {Accessed: April 30th, 2019}
}

@electrionic{feather,
title = {Adafruit HUZZAH Feather},
url = "https://github.com/adafruit/Adafruit-Feather-ESP8266-HUZZAH-PCB",
note = {Accessed: April 30th, 2019}
}

@electrionic{physics,
title = {Force and Torque},
url = "https://www.pololu.com/blog/10/force-and-torque",
note = {Accessed: April 30th, 2019}
}

@electronic{controller:19,
title = {Best Retropie Compatible Controllers},
url = {https://www.raspberrypistarterkits.com/products/best-controller-for-raspberry-pi-retropie-snes-contenders/},
note = {Accessed: April 30th, 2019}
}